!TRNS	TRNSTYPE	MEMO
!SPL	ACCNT	AMOUNT
TRNS	JE	Invoice:0008668 - JE:414939
SPL	AR	$10
SPL	INC	$5
ENDTRNS
TRNS	JE	Payment:0020863 - Stripe auto-paid: ref#: ch_3V7ppnQ95Fcn29 - JE:420646
SPL	AR	$5
ENDTRNS
TRNS	JE	Payment:0028731 - CH#372 - JE:494200
SPL	AR	$5
ENDTRNS
TRNS	JE	Payment:0025918 - INTERAC e-Transfer - JE:462903
SPL	AR	$5
ENDTRNS
TRNS	JE	Payment:0026136 - Recurring Payment Received via -Express Checkout For: (ID #6LF53247VG6570901) - JE:463814
SPL	AR	$5
ENDTRNS